@misc{classesgit,
  title = {uainfovis/Three.js/Lesson01},
  howpublished = {\url{https://github.com/pmdjdias/ua_infovis/tree/master/Three.js/Lesson_01}},
  note = {Accessed: 2022-12-14}
}

@misc{examples,
  title = {three.js Examples},
  howpublished = {\url{https://threejs.org/examples/}},
  note = {Accessed: 2022-12-14}
}

@misc{learn,
  title = {three.js Learn},
  howpublished = {\url{https://threejs.org/}},
  note = {Accessed: 2022-12-14}
}

