@Article{fearofflying1,
  author  = {Robert D. Dean and Kerry M. Whitaker},
  journal = {Journal of Travel Research, 21(1), 7â€“17},
  title   = {Fear of {F}lying: {I}mpact on the {U}.{S}. {A}ir {T}ravel {I}ndustry},
  year    = {1982},
}

@Article{fearofflying2,
  author  = {Busscher, Bert and Spinhoven, Philip and de Geus, Eco J. C.},
  journal = {Psychosom Med. 77(7):762-74},
  title   = {Psychological {D}istress and {P}hysiological {R}eactivity {D}uring {I}n {V}ivo {E}xposure in {P}eople {W}ith {A}viophobia},
  year    = {2015},
}

@Article{sus,
  author = {John Brooke},
  title  = {S{US}: {A} quick and dirty usability scale},
  year   = {1995},
}

@Comment{jabref-meta: databaseType:bibtex;}
